<?xml version="1.0" encoding="UTF-8"?><collection xmlns="http://www.loc.gov/MARC21/slim"><record><leader>00347nam--2200121-i-4500</leader><controlfield tag="001">000022035</controlfield><controlfield tag="002">20161230</controlfield><controlfield tag="005">20161230201034</controlfield><controlfield tag="008">060222s1000------------r-----000-0-eng-d</controlfield><datafield ind1=" " ind2=" " tag="245"><subfield code="a">Harvard monographs in applied science. automatic language translation. 8</subfield></datafield><datafield ind1=" " ind2=" " tag="260"><subfield code="a">Cambridge, Mass.Harvard Univ.Press</subfield></datafield><datafield ind1=" " ind2=" " tag="700"><subfield code="a">Anthony G.Oettinger</subfield></datafield><datafield ind1=" " ind2=" " tag="852"><subfield code="a">17538</subfield></datafield></record></collection>